@book{CLRS_2009,
 author = {Cormen, Thomas H. and Leiserson, Charles E. and Rivest, Ronald L. and Stein, Clifford},
 title = {Introduction to Algorithms, Third Edition},
 year = {2009},
 isbn = {0262033844, 9780262033848},
 edition = {3rd},
 publisher = {The MIT Press},
 address = {Cambridge, MA}
} 

@ARTICLE{listsort.txt,
  author = {Opensource},
  title = {Explaination of timsort and comparison},
  journal = {Github},
  year = {2020},
  volume = {?},
  pages = {1},
  doi = {https://github.com/python/cpython/blob/master/Objects/listsort.txt},
}

@ARTICLE{numpy.sort(),
  author = {Opensource},
  title = {Numpy docs},
  journal = {numpy.org},
  year = 2020,
  volume = ?,
  pages = 1,
  doi = {https://numpy.org/doc/stable/reference/generated/numpy.sort.html},
}

@ARTICLE{Edel:2019(1.4),
  author = {Stefan Edelkamp and Armin Wei{\ss}},
  title = {{B}lock{Q}uicksort: Avoiding Branch Mispredictions in Quicksort},
  journal = {ACM J. Exp. Algorithmics},
  volume = {24},
  articleno = {1.4},
  numpages = {22},
  year = 2019,
  doi = {https://doi.org/10.1145/3274660}
}