@book{CLRS_2009,
 author = {Cormen, Thomas H. and Leiserson, Charles E. and Rivest, Ronald L. and Stein, Clifford},
 title = {Introduction to Algorithms, Third Edition},
 year = {2009},
 isbn = {0262033844, 9780262033848},
 edition = {3rd},
 publisher = {The MIT Press},
 address = {Cambridge, MA}
} 

@ARTICLE{GeeksforGeeks:2020,
  author = {GeeksforGeeks},
  title = {Iterative Quick Sort},
  journal = {GeeksforGeeks},
  year = 2020,
  volume = 0,
  pages = 0,
  doi = {https://www.geeksforgeeks.org/iterative-quick-sort},
}

@misc{RandomGe86:online,
author = {The SciPycommunity},
title = {Random Generator — NumPy v1.19 Manual},
howpublished = {\url{https://numpy.org/doc/stable/reference/random/generator}},
month = {Jun},
year = {2020},
note = {(Accessed on 11/23/2020)}
}

@misc{SortingA29:online,
author = {Santiago Valdarrama},
title = {Sorting Algorithms in Python – Real Python},
howpublished = {\url{https://realpython.com/sorting-algorithms-python/##pythons-built-in-sorting-algorithm}},
month = {},
year = {2020},
note = {(Accessed on 11/23/2020)}
}

@misc{TimeComp27:online,
author = {},
title = {Time Complexities of all Sorting Algorithms - GeeksforGeeks},
howpublished = {\url{https://www.geeksforgeeks.org/time-complexities-of-all-sorting-algorithms}},
month = {},
year = {2020},
note = {(Accessed on 11/23/2020)}
}

@misc{Insertio48:online,
author = {},
title = {Insertion sort - Wikipedia},
howpublished = {\url{https://en.wikipedia.org/wiki/Insertion_sort}},
month = {},
year = {},
note = {(Accessed on 11/23/2020)}
}

@misc{21Insert1:online,
author = {},
title = {2-1 Insertion sort on small arrays in merge sort - CLRS Solutions},
howpublished = {\url{https://walkccc.github.io/CLRS/Chap02/Problems/2-1/}},
month = {},
year = {2020},
note = {(Accessed on 11/23/2020)}
}

@misc{BubbleSo15:online,
author = {GeeksforGeeks},
title = {Bubble Sort - GeeksforGeeks},
howpublished = {\url{https://www.geeksforgeeks.org/bubble-sort/}},
month = {},
year = {2020},
note = {(Accessed on 11/25/2020)}
}

@misc{Performa83:online,
author = {Matej Hulin},
title = {Performance analysis of Sorting Algorithms},
howpublished = {\url{https://is.muni.cz/th/gp4gz/bc.pdf}},
month = {},
year = {2017},
note = {(Accessed on 11/25/2020)}
}

@misc{TimsortW72:online,
author = {Wikipedia},
title = {Timsort - Wikipedia},
howpublished = {\url{https://en.wikipedia.org/wiki/Timsort.}},
month = {},
year = {2020},
note = {(Accessed on 11/25/2020)}
}

@misc{Quicksor12:online,
author = {Wikipedia},
title = {Quicksort - Wikipedia},
howpublished = {\url{https://en.wikipedia.org/wiki/Quicksort}},
month = {},
year = {2020},
note = {(Accessed on 11/25/2020)}
}

@misc{NumbaAHi16:online,
author = {Numba - {A}naconda {I}nc},
title = {Numba: A High Performance Python Compiler},
howpublished = {\url{https://numba.pydata.org/}},
month = {},
year = {2018},
note = {(Accessed on 11/25/2020)}
}


@misc{cpythonl70:online,
author = {Tim Peters},
title = {cpython/listsort.txt},
howpublished = {\url{https://github.com/python/cpython/blob/24e5ad4689de9adc8e4a7d8c08fe400dcea668e6/Objects/listsort.txt}},
month = {02},
year = {2020},
note = {(Accessed on 11/25/2020)}
}

@misc{Mergeins20:online,
author = {Wikipedia},
title = {Merge-insertion sort - Wikipedia},
howpublished = {\url{https://en.wikipedia.org/wiki/Merge-insertion_sort}},
month = {},
year = {2020},
note = {(Accessed on 11/25/2020)}
}

@misc{Mergesor99:online,
author = {Wikipedia},
title = {Merge sort - Wikipedia},
howpublished = {\url{https://en.wikipedia.org/wiki/Merge_sort}},
month = {},
year = {2020},
note = {(Accessed on 11/26/2020)}
}

@misc{Microsof28:online,
author = {D.Abhyankar and  M.Ingle},
title = {Engineering of a Quicksort Partitioning Algorithm},
howpublished = {\url{https://pdfs.semanticscholar.org/b350/20f213f5f7e70c85ae8dce3f7b164244cfad.pdf}},
month = {},
year = {2011},
note = {(Accessed on 11/26/2020)}
}

@misc{Neopytho23:online,
author = {Guido van Rossum},
title = {Neopythonic: Tail Recursion Elimination},
howpublished = {\url{http://neopythonic.blogspot.com/2009/04/tail-recursion-elimination.html}},
month = {April},
year = {2009},
note = {(Accessed on 11/26/2020)}
}

@misc{Quicksor66:online,
author = {Sedgewick,Robert and Bentley, Jon},
title = {QuicksortIsOptimal},
howpublished = {\url{https://www.cs.princeton.edu/~rs/talks/QuicksortIsOptimal.pdf}},
month = {July},
year = {2019},
note = {(Accessed on 11/26/2020)}
}

@misc{WhatisNu65:online,
author = {The SciPycommunity},
title = {What is NumPy? — NumPy v1.9 Manual},
howpublished = {\url{https://docs.scipy.org/doc/numpy-1.9.0/user/whatisnumpy.html}},
month = {},
year = {2020},
note = {(Accessed on 11/30/2020)}
}

@misc{Designin28:online,
author = {Satish, Nadathur and Harris, Mark and Garland, Michael},
title = {Designing Efficient Sorting Algorithms for Manycore GPUs},
howpublished = {\url{https://www.nvidia.in/docs/IO/67073/nvr-2008-001.pdf}},
month = {},
year = {2008},
note = {(Accessed on 11/30/2020)}
}